@article{smith2023advanced,
  author    = {Smith, J.},
  title     = {Advanced Computational Methods},
  journal   = {Journal of Computer Science},
  year      = {2023},
  volume    = {45},
  number    = {2},
  pages     = {123-145}
}

@article{johnson2022efficient,
  author    = {Johnson, S.},
  title     = {Efficient Algorithms for Scientific Computing},
  journal   = {Computational Review},
  year      = {2022},
  volume    = {38},
  number    = {4},
  pages     = {67-89}
}

@article{brown2024modern,
  author    = {Brown, M. and Wilson, L.},
  title     = {Modern Approaches to Data Analysis},
  journal   = {Scientific Computing Quarterly},
  year      = {2024},
  volume    = {12},
  number    = {1},
  pages     = {234-256}
}
