@article{maloneylorem,
  title={Lorem Ipsum},
  author={Maloney, Vince}
}
